%% This BibTeX bibliography file was created using BibDesk.
%% https://bibdesk.sourceforge.io/

%% Created for Giulio at 2019-01-02 13:43:15 +0100 


%% Saved with string encoding Unicode (UTF-8) 



@book{Duffing,
	Author = {Georg Duffing},
	Date-Modified = {2019-01-02 13:43:07 +0100},
	Pages = {134},
	Publisher = {Vieweg},
	Title = {Erzwungene Schwingungen bei ver{\"a}nderlicher Eigenfrequenz und ihre technische Bedeutung},
	Volume = {VI},
	Year = {1918},
	Bdsk-Url-1 = {https://doi.org/10.1109/TCST.2016.2554520}}

@book{Khalil,
	Address = {Upper Saddle River, New Jersey 07458},
	Author = {Khalil, Hassan K},
	Date-Modified = {2018-12-23 12:56:40 +0100},
	Edition = {Third},
	Publisher = {Prentice-Hall},
	Title = {Nonlinear Systems},
	Year = {2002},
	Bdsk-Url-1 = {https://cds.cern.ch/record/1173048}}
